@inproceedings{component,
  title={Oracle-guided component-based program synthesis},
  author={Jha, Susmit and Gulwani, Sumit and Seshia, Sanjit A and Tiwari, Ashish},
  booktitle={Software Engineering, 2010 ACM/IEEE 32nd International Conference on},
  volume={1},
  pages={215--224},
  year={2010},
  organization={IEEE}
}

@unpublished{l2,
title={Synthesizing Data Structure Transformations from Input-Output Examples},
author={John Feser and
        Swarat Chaudhuri and
        Isil Dillig},
        note={PLDI 2015},
}

@article{huet-undecidability,
title = "The undecidability of unification in third order logic ",
journal = "Information and Control ",
volume = "22",
number = "3",
pages = "257 - 267",
year = "1973",
note = "",
issn = "0019-9958",
doi = "http://dx.doi.org/10.1016/S0019-9958(73)90301-X",
url = "http://www.sciencedirect.com/science/article/pii/S001999587390301X",
author = "Gerard P. Huet"
}

@incollection{z3,
  title={Z3: An efficient SMT solver},
  author={De Moura, Leonardo and Bj{\o}rner, Nikolaj},
  booktitle={Tools and Algorithms for the Construction and Analysis of Systems},
  pages={337--340},
  year={2008},
  publisher={Springer}
}


@inproceedings{gulwani-string,
  title={Automating string processing in spreadsheets using input-output examples},
  author={Gulwani, Sumit},
  booktitle={POPL},
  pages={317--330},
  year={2011},
  organization={ACM}
}

@inproceedings{gulwani-dimensions,
  author    = {Sumit Gulwani},
  title     = {Dimensions in program synthesis},
  booktitle = {FMCAD},
  year      = {2010}
}

@inproceedings{sygus,
  author    = {Rajeev Alur and
               Rastislav Bod{\'{\i}}k and
               Garvit Juniwal and
               Milo M. K. Martin and
               Mukund Raghothaman and
               Sanjit A. Seshia and
               Rishabh Singh and
               Armando Solar{-}Lezama and
               Emina Torlak and
               Abhishek Udupa},
  title     = {Syntax-guided synthesis},
  booktitle = {FMCAD},
  year      = {2013}
}


@inproceedings{BCPR14,
  author    = {Tewodros A. Beyene and
               Swarat Chaudhuri and
               Corneliu Popeea and
               Andrey Rybalchenko},
  title     = {A constraint-based approach to solving games on infinite graphs},
  booktitle = {POPL},
  year      = {2014},
  pages     = {221--234}
}

@inproceedings{completefunctional,
  author    = {Viktor Kuncak and
               Mika{\"{e}}l Mayer and
               Ruzica Piskac and
               Philippe Suter},
  title     = {Complete functional synthesis},
  booktitle = {PLDI},
  year      = {2010},
  pages     = {316--329}
}


@book{lieberman2001your,
  title={Your wish is my command: Programming by example},
  author={Lieberman, Henry},
  year={2001},
  publisher={Morgan Kaufmann}
}

@article{SrivastavaGF13,
  author    = {Saurabh Srivastava and
               Sumit Gulwani and
               Jeffrey S. Foster},
  title     = {Template-based program verification and program synthesis},
  journal   = {{STTT}},
  year      = {2013},
  volume    = {15},
  number    = {5-6},
  pages     = {497--518}
}

@inproceedings{sketch06,
  author    = {Armando Solar{-}Lezama and
               Liviu Tancau and
               Rastislav Bod{\'{\i}}k and
               Sanjit A. Seshia and
               Vijay A. Saraswat},
  title     = {Combinatorial sketching for finite programs},
  booktitle = {ASPLOS},
  year      = {2006},
  pages     = {404--415}
}

@inproceedings{smartedit,
  author    = {Steven A. Wolfman and
               Tessa A. Lau and
               Pedro Domingos and
               Daniel S. Weld},
  title     = {Mixed initiative interfaces for learning tasks: SMARTedit talks back},
  booktitle = {{IUI}},
  year      = {2001},
  pages     = {167--174}
}

@inproceedings{gulwani-table,
  title={Spreadsheet table transformations from examples},
  author={Harris, William R and Gulwani, Sumit},
  booktitle={PLDI},
  pages={317--328},
  year={2011},
  organization={ACM}
}

@inproceedings{gulwani-number,
  title={Synthesizing number transformations from input-output examples},
  author={Singh, Rishabh and Gulwani, Sumit},
  booktitle={Computer Aided Verification},
  pages={634--651},
  year={2012},
  organization={Springer}
}

@inproceedings{test-driven,
  author    = {Daniel Perelman and
               Sumit Gulwani and
               Dan Grossman and
               Peter Provost},
  title     = {Test-driven synthesis},
  booktitle = {PLDI},
  year      = {2014},
  pages     = {43}
}

@inproceedings{MTGLK13,
  author    = {Aditya Krishna Menon and
               Omer Tamuz and
               Sumit Gulwani and
               Butler W. Lampson and
               Adam Kalai},
  title     = {A Machine Learning Framework for Programming by Example},
  booktitle = {ICML},
  year      = {2013},
  pages     = {187--195}
}


@inproceedings{recursive-synthesis,
  author    = {Aws Albarghouthi and
               Sumit Gulwani and
               Zachary Kincaid},
  title     = {Recursive Program Synthesis},
  booktitle = {Computer Aided Verification - 25th International Conference, {CAV}
               2013, Saint Petersburg, Russia, July 13-19, 2013. Proceedings},
  year      = {2013},
  pages     = {934--950}
}

@inproceedings{gulwani-flash-extract,
  title={FlashExtract: A framework for data extraction by examples},
  author={Le, Vu and Gulwani, Sumit},
  booktitle={Proceedings of the 35th ACM SIGPLAN Conference on Programming Language Design and Implementation},
  pages={55},
  year={2014},
  organization={ACM}
}

@inproceedings{gulwani-ml,
  title={A machine learning framework for programming by example},
  author={Menon, Aditya and Tamuz, Omer and Gulwani, Sumit and Lampson, Butler and Kalai, Adam},
  booktitle={ICML},
  pages={187--195},
  year={2013}
}

@article{spivey,
  title={Functional pearls: Combinators for breadth-first search},
  author={Spivey, Michael},
  journal={Journal of Functional Programming},
  volume={10},
  number={4},
  pages={397--408},
  year={2000},
  publisher={Cambridge Univ Press}
}



@inproceedings{spivey-example,
 author = {Danvy, Olivier and Spivey, Michael},
 title = {On Barron and Strachey's Cartesian Product Function},
 booktitle = {ICFP},
 year = {2007},
 isbn = {978-1-59593-815-2},
 location = {Freiburg, Germany},
 pages = {41--46}
} 

@article{barron-strachey,
author = {David W. Barron and Christopher Strachey},
title = {Programming},
year = 1966,
journal = {Advances in Programming and Non-Numerical Computation}, 
pages = {49--82},
publisher = {Pergammon Press}
}


@inproceedings{GLMN14,
  author    = {Pranav Garg and
               Christof L{\"{o}}ding and
               P. Madhusudan and
               Daniel Neider},
  title     = {{ICE:} {A} Robust Framework for Learning Invariants},
  booktitle = {CAV},
  year      = {2014},
  pages     = {69--87}
}

@inproceedings{SGHALN13,
  author    = {Rahul Sharma and
               Saurabh Gupta and
               Bharath Hariharan and
               Alex Aiken and
               Percy Liang and
               Aditya V. Nori},
  title     = {A Data Driven Approach for Algebraic Loop Invariants},
  booktitle = {ESOP},
  year      = {2013},
  pages     = {574--592}
}

@article{Olsson95,
  author    = {Roland Olsson},
  title     = {Inductive Functional Programming Using Incremental Program Transformation},
  journal   = {Artif. Intell.},
  year      = {1995},
  volume    = {74},
  number    = {1},
  pages     = {55--8}
}

@inproceedings{component-based,
 author = {Gulwani, Sumit and Jha, Susmit and Tiwari, Ashish and Venkatesan, Ramarathnam},
 title = {Synthesis of Loop-free Programs},
 booktitle = {PLDI},
 year = {2011},
 pages = {62--73},
} 

@inproceedings{gulwani-geometry,
  title={Synthesizing geometry constructions},
  author={Gulwani, Sumit and Korthikanti, Vijay Anand and Tiwari, Ashish},
  booktitle={PLDI},
  pages={50--61},
  year={2011},
  organization={ACM}
}

@inproceedings{kitzelmann-survey,
  author    = {Emanuel Kitzelmann},
  title     = {Inductive Programming: {A} Survey of Program Synthesis Techniques},
  booktitle = {Approaches and Applications of Inductive Programming, Third International
               Workshop},
  year      = {2009},
  pages     = {50--73}
}

@article{kitzelmann,
  title={A combined analytical and search-based approach for the inductive synthesis of functional programs},
  author={Kitzelmann, Emanuel},
  journal={KI-K{\"u}nstliche Intelligenz},
  volume={25},
  number={2},
  pages={179--182},
  year={2011},
  publisher={Springer}
}

@incollection{kitzelmann2,
  title={Analytical inductive functional programming},
  author={Kitzelmann, Emanuel},
  booktitle={Logic-Based Program Synthesis and Transformation},
  pages={87--102},
  year={2009},
  publisher={Springer}
}

@article{VechevYY13,
  author    = {Martin T. Vechev and
               Eran Yahav and
               Greta Yorsh},
  title     = {Abstraction-guided synthesis of synchronization},
  journal   = {{STTT}},
  year      = {2013},
  volume    = {15},
  number    = {5-6},
  pages     = {413--431}
}

@inproceedings{Katayama08,
  author    = {Susumu Katayama},
  title     = {Efficient Exhaustive Generation of Functional Programs Using Monte-Carlo
               Search with Iterative Deepening},
  booktitle = {Trends in Artificial Intelligence, 10th Pacific Rim
               International Conference on Artificial Intelligence.},
  year      = {2008},
  pages     = {199--210}
}



@article{KitzelmannS06,
  author    = {Emanuel Kitzelmann and
               Ute Schmid},
  title     = {Inductive Synthesis of Functional Programs: An Explanation Based Generalization
               Approach},
  journal   = {Journal of Machine Learning Research},
  year      = {2006},
  volume    = {7},
  pages     = {429--454}
}


@inproceedings{ilp,
  title={Inductive Logic Programming.},
  author={Lavrac, Nada and Dzeroski, Saso},
  booktitle={WLP},
  pages={146--160},
  year={1994},
  organization={Springer}
}


@inproceedings{perelman2012,
  title={Type-directed completion of partial expressions},
  author={Perelman, Daniel and Gulwani, Sumit and Ball, Thomas and Grossman, Dan},
  booktitle={PLDI},
  volume={47},
  number={6},
  pages={275--286},
  year={2012},
  organization={ACM}
}

@inproceedings{gvero2013,
  title={Complete completion using types and weights},
  author={Gvero, Tihomir and Kuncak, Viktor and Kuraj, Ivan and Piskac, Ruzica},
  booktitle={PLDI},
  volume={48},
  number={6},
  pages={27--38},
  year={2013},
  organization={ACM}
}

@article{mandelin2005jungloid,
  title={Jungloid mining: helping to navigate the API jungle},
  author={Mandelin, David and Xu, Lin and Bod{\'\i}k, Rastislav and Kimelman, Doug},
  journal={ACM SIGPLAN Notices},
  volume={40},
  number={6},
  pages={48--61},
  year={2005},
  publisher={ACM}
}

@article{xsnippet,
  title={XSnippet: mining for sample code},
  author={Sahavechaphan, Naiyana and Claypool, Kajal},
  journal={ACM Sigplan Notices},
  volume={41},
  number={10},
  pages={413--430},
  year={2006},
  publisher={ACM}
}

@article{dilligoptimal,
  title={Optimal Guard Synthesis for Memory Safety},
  author={Dillig, Thomas and Dillig, Isil and Chaudhuri, Swarat},
    booktitle={CAV},
  year={2014}
}

@inproceedings{bloem2009better,
  title={Better quality in synthesis through quantitative objectives},
  author={Bloem, Roderick and Chatterjee, Krishnendu and Henzinger, Thomas A and Jobstmann, Barbara},
  booktitle={Computer Aided Verification},
  pages={140--156},
  year={2009},
  organization={Springer}
}

@inproceedings{chaudhuri2014bridging,
  title={Bridging boolean and quantitative synthesis using smoothed proof search},
  author={Chaudhuri, Swarat and Clochard, Martin and Solar-Lezama, Armando},
  booktitle={Proceedings of the 41st annual ACM SIGPLAN-SIGACT symposium on Principles of programming languages},
  pages={207--220},
  year={2014},
  organization={ACM}
}






